<record><leader>00000cas a2200000 a 4500</leader><controlfield tag="001">11768382</controlfield><controlfield tag="008">850306d18911895ksuwr ne      0   a0eng d</controlfield><datafield ind1=" " ind2=" " tag="010"><subfield code="a">sn 85029168 </subfield></datafield><datafield ind1=" " ind2=" " tag="040"><subfield code="a">KSH</subfield><subfield code="b">eng</subfield><subfield code="c">KSH</subfield><subfield code="d">NPT</subfield><subfield code="d">OCL</subfield><subfield code="d">OCLCQ</subfield></datafield><datafield ind1=" " ind2=" " tag="042"><subfield code="a">msc</subfield></datafield><datafield ind1="0" ind2="0" tag="245"><subfield code="a">Jewell County news.</subfield></datafield><datafield ind1=" " ind2=" " tag="260"><subfield code="a">Jewell City, Kan. :</subfield><subfield code="b">J.D. Smith,</subfield><subfield code="c">1891-</subfield></datafield><datafield ind1=" " ind2=" " tag="300"><subfield code="a">v. :</subfield><subfield code="b">ill. ;</subfield><subfield code="c">50-60 cm.</subfield></datafield><datafield ind1=" " ind2=" " tag="310"><subfield code="a">Weekly</subfield></datafield><datafield ind1="0" ind2=" " tag="362"><subfield code="a">Vol. 1, no. 1 (Oct. 9, 1891)-</subfield></datafield><datafield ind1="1" ind2=" " tag="362"><subfield code="a">Ceased with Mar. 29, 1895 issue?</subfield></datafield><datafield ind1=" " ind2=" " tag="500"><subfield code="a">Published by: News Pub. Co., Aug. 5, 1892-Dec. 29, 1893; H.L. Cobb, Jan. 5, 1894-&lt;Mar. 8, 1895&gt;; H.L. Cobb &amp; Son, Mar. 15, 1895-</subfield></datafield><datafield ind1=" " ind2=" " tag="500"><subfield code="a">"The people's friend."</subfield></datafield><datafield ind1=" " ind2=" " tag="521"><subfield code="a">"Devoted to the principles advocated by the Alliance and all kindred organizations."</subfield></datafield><datafield ind1=" " ind2=" " tag="525"><subfield code="a">Includes supplements.</subfield></datafield><datafield ind1=" " ind2=" " tag="752"><subfield code="a">United States</subfield><subfield code="b">Kansas</subfield><subfield code="c">Jewell</subfield><subfield code="d">Jewell City.</subfield></datafield></record>